@article{BoM04,
  author    = {John M. Boyer, Wendy J. Myrvold},
  title     = {On the Cutting Edge: Simplified O(n) Planarity by Edge Addition},
  journal   = {J. Graph Algorithms Appl.},
  volume    = {8},
  number    = {3},
  pages     = {241--273},
  year      = {2004},
  timestamp = {Sun, 02 Jun 2019 20:44:31 +0200},
  biburl    = {https://dblp.org/rec/bib/journals/jgaa/BoyerM04},
  bibsource = {dblp computer science bibliography, https://dblp.org}
}
@article{Wil84,
  author    = {S. G. Williamson},
  title     = {Depth-First Search and Kuratowski Subgraphs},
  journal   = {J. {ACM}},
  volume    = {31},
  number    = {4},
  pages     = {681--693},
  year      = {1984},
  timestamp = {Wed, 14 Nov 2018 10:35:24 +0100},
  biburl    = {https://dblp.org/rec/bib/journals/jacm/Williamson84},
  bibsource = {dblp computer science bibliography, https://dblp.org}
}
@article{Wag37,
  author    = {Klaus Wagner},
  title     = {Über eine Eigenschaft der ebenen Komplexe.},
  journal   = {Mathematische Annalen},
  pages     = {570--590},
  year      = {1937},
  volume    = {114},
}
@book{Die12,
  author    = {Reinhard Diestel},
  title     = {Graph Theory, 4th Edition},
  series    = {Graduate texts in mathematics},
  volume    = {173},
  publisher = {Springer},
  year      = {2012},
  isbn      = {978-3-642-14278-9},
  timestamp = {Mon, 04 Mar 2013 20:55:42 +0100},
  biburl    = {https://dblp.org/rec/bib/books/daglib/0030488},
  bibsource = {dblp computer science bibliography, https://dblp.org}
}
@inproceedings{KeM92,
  author    = {André E. Kézdy, Patrick McGuinness},
  title     = {Sequential and Parallel Algorithms to Find a $K_5$ Minor},
  booktitle = {Proceedings of the Third Annual {ACM/SIGACT-SIAM} Symposium on Discrete
               Algorithms, 27-29 January 1992, Orlando, Florida, {USA.}},
  pages     = {345--356},
  year      = {1992},
  timestamp = {Thu, 05 Jul 2018 07:29:02 +0200},
  biburl    = {https://dblp.org/rec/bib2/conf/soda/KezdyM92.bib},
  bibsource = {dblp computer science bibliography, http://dblp.org}
}
